@inproceedings{passos2008,
  title={Supermassive crowd simulation on gpu based on emergent behavior},
  author={Passos, E and Joselli, Mark and Zamith, Marcelo and Rocha, Jack and Montenegro, A and Clua, E and Conci, A and Feij{\'o}, B},
  booktitle={Proceedings of the VII Brazilian Symposium on Computer Games and Digital Entertainment},
  pages={81--86},
  year={2008}
}

@article{silva2009boids,
  title={Boids that see: Using self-occlusion for simulating large groups on GPUs},
  author={Silva, Alessandro Ribeiro Da and Lages, Wallace Santos and Chaimowicz, Luiz},
  journal={Computers in Entertainment (CIE)},
  volume={7},
  number={4},
  pages={51},
  year={2009},
  publisher={ACM}
}

@inproceedings{erra2009efficient,
  title={An efficient GPU implementation for large scale individual-based simulation of collective behavior},
  author={Erra, Ugo and Frola, Bernardino and Scarano, Vittorio and Couzin, Iain},
  booktitle={High Performance Computational Systems Biology, 2009. HIBI'09. International Workshop on},
  pages={51--58},
  year={2009},
  organization={IEEE}
}

@article{curtispedestrian,
  title={Pedestrian Simulation using Geometric Reasoning in Velocity Space},
  author={Curtis, Sean and Manocha, Dinesh}
}